@article{noury2020deep,
  title={Deep-CAPTCHA: a deep learning based CAPTCHA solver for vulnerability assessment},
  author={Noury, Zahra and Rezaei, Mahdi},
  journal={arXiv preprint arXiv:2006.08296},
  year={2020}
}