@article{lecun1998gradient,
  title={Gradient-based learning applied to document recognition},
  author={LeCun, Yann and Bottou, L{\'e}on and Bengio, Yoshua and Haffner, Patrick},
  journal={Proceedings of the IEEE},
  volume={86},
  number={11},
  pages={2278--2324},
  year={1998},
  publisher={Ieee}
}

@ARTICLE {eliveltoebermamrenatoa.krohling2018,
    author  = "Elivelto Ebermam, Renato A. Krohling",
    title   = "Uma Introdução Compreensiva às Redes Neurais Convolucionais: Um Estudo de Caso para Reconhecimento de Caracteres Alfabéticos",
    journal = "Revista de Sistemas de Informação da FSMA",
    year    = "2018",
    number  = "22",
    pages   = "49-59"
}

@book{haykin2007redes,
  title={Redes neurais: princ{\'\i}pios e pr{\'a}tica},
  author={Haykin, Simon},
  year={2007},
  publisher={Bookman Editora}
}

@article{noury2020deep,
  title={Deep-CAPTCHA: a deep learning based CAPTCHA solver for vulnerability assessment},
  author={Noury, Zahra and Rezaei, Mahdi},
  journal={arXiv preprint arXiv:2006.08296},
  year={2020}
}

@article{russell2002artificial,
  title={Artificial intelligence: a modern approach},
  author={Russell, Stuart and Norvig, Peter},
  year={2002}
}

@article{santos2018identificaccao,
  title={Identifica{\c{c}}{\~a}o de Textos em Imagens CAPTCHA utilizando conceitos de Aprendizado de M{\'a}quina e Redes Neurais Convolucionais},
  author={Santos, Murilo Rodegheri Mendes dos and others},
  year={2018},
  publisher={Florian{\'o}polis, SC.}
}